@online{Math_Conventions_Survey,
  title={100 Questions: A Mathematical Conventions Survey },
  author={Thomas Lam},
  year={2024},
  url={https://cims.nyu.edu/~tjl8195/survey/results.html},
  note={NYU Courant Institute of Mathematical Sciences. Accessed: 2024-09-09}
}

@book{Big_Boss,
  title={Tensor Decompositions for Data Science},
  author={Tamara G. Kolda and Grey Ballard},
  year={2024},
  publisher={Cambridge University Press}
}

@article{Tucker_Decomp_1,
  title={Parallel Randomized and Tucker Decomposition Algorithms},
  author={Rachel Minster and Zitong Li and Grey Ballard},
  journal={SIAM Journal on Scientific Computing},
  volume={46},
  number={2},
  pages={A1186-A1213},
  year={2024},
  publisher={SIAM Society for Industrial and Applied Mathematics}
}

@article{CPDecomp_1,
  title={CP Decomposition for tensors via alternating least squares with QR Decomposition},
  author={Rachel Minster and Irina Viviano and Xiaotian Liu and Grey Ballard},
  journal={Numerical Lineal Algebra with Applications},
  pages={e2511},
  year={2023},
  publisher={Wiley Online Library}
}

% There are two of these how do?
@article{FastMatMul_1,
  title={Tight Memory-Independent Parallel Matrix Multiplication Communication Lower Bounds},
  author={Hussam Al Daas and Laura Grigori and Suraj Kumar and Kathryn Rouse and Grey Ballard},
  journal={ACM},
  number={2},
  year={2022},
  publisher={ACM}
}

@article{Tucker_Decomp_2,
  title={Parallel Randomized Tucker Decomposition Algorithms},
  author={Rachel Minster and Zitong Li and Grey Ballard},
  journal={arXiv},
  number={2211.13028},
  year={2022},
  publisher={arXiv}
}

@article{Tucker_Decomp_3,
  title={Parallel Tucker Decomposition with Numerically Accurate SVD},
  author={Zitong Li and Qiming Fang and Grey Ballard},
  journal={ICPP '21: Proceedings of the 50th International Conference on Parallel Processing},
  number={49},
  pages={1-11},
  year={2021},
  publisher={ACM}
}

@article{Tucker_Decomp_4,
  title={TuckerMPI: A Parallel C++/MPI Software Package for Large-Scale Data Compression via the Tucker Decomposition},
  author={Tamara G. Kolda and Alicia Klinvex and Grey Ballard},
  journal={ACM Transactions on Mathematical Software (TOMS)},
  volume={46},
  issue={2},
  number={13},
  pages={1 - 31},
  year={2020},
  publisher={ACM}
}

@article{Tucker_Decomp_5,
  title={CP and Tucker Tensor Decompositions},
  author={Grey Ballard},
  journal={SIAG/OPT Views and News},
  volume={27},
  number={1},
  pages={1 - 7},
  year={2019},
  publisher={SIAM}
}

@article{Tucker_Decomp_6,
  title={uckerMPI: Efficient parallel software for Tucker decompositions of dense tensors},
  author={Tamara G. Kolda and Alicia Klinvex and Grey Ballard},
  journal={arXiv},
  number={1901.06043},
  year={2019},
  publisher={arXiv}
}

% There are two of these how do?
@article{FastMatMul_2,
  title={The geometry of rank decompositions of matrix multiplication II: 3x3 matrices},
  author={Grey Ballard and Christian Ikenmeyer and J.M. Landsberg and Nick Ryder},
  journal={arXiv},
  number={1801.00843},
  year={2019}
}

@misc{cui2024palmprobnetprobabilisticapproachunderstanding,
      title={PalmProbNet: A Probabilistic Approach to Understanding Palm Distributions in Ecuadorian Tropical Forest via Transfer Learning}, 
      author={Kangning Cui and Zishan Shao and Gregory Larsen and Victor Pauca and Sarra Alqahtani and David Segurado and Jo√£o Pinheiro and Manqi Wang and David Lutz and Robert Plemmons and Miles Silman},
      year={2024},
      eprint={2403.03161},
      archivePrefix={arXiv},
      primaryClass={cs.CV},
      url={https://arxiv.org/abs/2403.03161}
}